% sources.bib | CS 6260 - "Vendetta" Proposal

@misc{end_to_end,
    howpublished = "\url{https://en.wikipedia.org/wiki/End-to-end_auditable_voting_systems}"
}

@misc{estonia,
    howpublished = "\url{http://www.vvk.ee/voting-methods-in-estonia/engindex/}"
}

@misc{us_vs_est,
    howpublished = "\url{http://triinu.net/e-voting/master%20thesis%20e-voting%20security.pdf}"
}

