% sources.bib | CS 6260 - "Vendetta" Notes

