% sources.bib | CS 6260 - "Vendetta" Notes
% Follows the "ACM LaTeX Style Guide" (http://www.acm.org/publications/latex_style/).

@misc{scantegrity_ii,
    howpublished = "\url{http://scantegrity.org/papers/ScantegrityII-EVT.pdf}"
}

@misc{helios,
    howpublished = "\url{http://static.usenix.org/events/sec08/tech/full_papers/adida/adida.pdf}"
}

@ARTICLE{preta,
author={Ryan, P.Y.A. and Bismark, D. and Heather, J. and Schneider, S. and Zhe Xia},
journal={Information Forensics and Security, IEEE Transactions on},
title={Pr\^{e}t \`{a} Voter: a Voter-Verifiable Voting System},
year={2009},
month={Dec.},
volume={4},
number={4},
pages={662-673},
keywords={Pr\^{e}t \`{a} Voter;cryptographic primitives;end-to-end verifiable elections;voter-verifiable voting system;cryptography;government data processing;},
doi={10.1109/TIFS.2009.2033233},
ISSN={1556-6013},
howpublished = "\url{https://ieeexplore.ieee.org/xpl/articleDetails.jsp?arnumber=5272310}"
}


