% sources.bib | CS 6260 - "Vendetta" Notes
% Follows the "ACM LaTeX Style Guide" (http://www.acm.org/publications/latex_style/).

@misc{scantegrity_ii,
    howpublished = "\url{http://scantegrity.org/papers/ScantegrityII-EVT.pdf}"
}

@misc{helios,
    howpublished = "\url{http://static.usenix.org/events/sec08/tech/full_papers/adida/adida.pdf}"
}

@misc{preta,
    howpublished = "\url{https://ieeexplore.ieee.org/xpl/articleDetails.jsp?arnumber=5272310}"
}


